@article{li2018ren,
  title={人工智能对金融创新的积极影响},
  author={李佳珂},
  journal={人民论坛},
  volume={606},
  number={25},
  pages={80-81},
  year={2018},
}

@article{wu1997chu,
  title={初等几何判定问题与机械化证明},
  author={吴文俊},
  journal={中国科学},
  volume={20},
  number={6},
  pages={507-516},
  year={1977},
}

@article{song2016ji,
  title={奇点临近,人工智能大爆炸},
  author={宋慧欣},
  journal={自动化博览},
  year={2016},
}

@article{yan2004Grobner,
  title={Grobner基方法与吴方法在平面几何定理机器证明中的应用与比较},
  author={严佟然 and 李晓霞},
  journal={海南大学学报(自然科学版)},
  volume={22},
  number={002},
  pages={111-115},
  year={2004},
}

@article{liao2009xu,
  title={关于Steiner-Lehmes定理的4个推广猜想的研究},
  author={廖文访 and 许明春},
  journal={南京信息工程大学学报},
  year={2009},
}

@phdthesis{jin20080XML,
  title={XML/Schema到OWL DL本体映射的研究},
  author={靖争},
  school={东北大学},
}

@book{guge2015yu,
  title={谷歌语义搜索},
  author={ Amerland, David },
  publisher={谷歌语义搜索},
  year={2015},
}

@article{wang2011jiyu,
  title={基于贝叶斯网络算法的适应性网络教学平台规划},
  author={汪磊},
  journal={商情},
  volume={000},
  number={047},
  pages={166-167},
  year={2011},
}

@article{zhang2004jishu,
  title={技术整合中知识库的构建研究},
  author={张平 and 蓝海林 and 黄文彦},
  journal={科学学与科学技术管理},
  volume={25},
  number={001},
  pages={31-34},
  year={2004},
}

@phdthesis{zhangrun2016ji,
  title={基于Rete算法的规则引擎Drools的研究},
  author={张润},
  school={厦门大学},
  year={2016},
}

@article{ma2009Drools,
  title={Drools在网络故障管理系统中的应用},
  author={马秀丽 and 王红霞 and 张凌云},
  journal={计算机工程与设计},
  volume={30},
  number={008},
  pages={1859-1862},
  year={2009},
}

@phdthesis{xu2014SCADA,
  title={SCADA系统中数据采集与处理模块的设计与实现},
  author={徐小博},
  school={北京邮电大学},
  year={2014},
}

@article{gu2013yewu,
  title={业务规则管理系统在金融信息系统中的应用},
  author={顾志峰 and 董文生 and 吴凤品 and 仲跻炜},
  journal={信息技术与标准化},
  volume={000},
  number={003},
  pages={56-59},
  year={2013},
}

@phdthesis{li2007zhishi,
  title={知识表示在教学领域的应用研究},
  author={李雄波},
  school={华东师范大学},
  year={2007},
}

@phdthesis{hanyi0mian,
  title={面向对象专家系统在牛病诊断中的应用研究},
  author={韩义},
  school={内蒙古工业大学},
}

@article{sunli2018ren,
  title={人工智能与神经网络发展研究},
  author={孙志森 and 李宏欣 and 席耀一 and 李强},
  journal={计算机科学与应用},
  volume={008},
  number={002},
  pages={P.154-165},
  year={2018},
}

@article{wangqin2019ren,
  title={人工智能的法律规制路径:一个框架性讨论},
  author={汪庆华},
  journal={现代法学},
  volume={41},
  number={02},
  pages={55-64},
  year={2019},
}

@article{wang0shu,
  title={数据开放式Web技术探索},
  author={王玉平,吴慧韫},
  journal={中国教育网络},
  number={2期},
  pages={63-66},
}

@article{liu2006ben,
  title={本体(Ontology)与语义网(Semantic Web)},
  author={刘植惠},
  journal={重庆图情研究},
  volume={007},
  number={003},
  pages={1-4},
  year={2006},
}

@phdthesis{hao201ji,
  title={基于信息模型的术语库构建与维护方法研究},
  author={郝惠娟},
  school={空军军医大学},
  year={2018},
}

@article{huangyu2019zhi,
  title={知识图谱研究综述},
  author={黄恒琪 and 于娟 and 廖晓 and 席运江},
  journal={计算机系统应用},
  volume={v.28},
  number={06},
  pages={3-14},
  year={2019},
}

@article{zhouli2019ji,
  title={基于知识图谱的交互式智能儿童玩具设计研究},
  author={周君豪 and 李源枫 and 金明晖 and 励雨晴},
  journal={美与时代（上旬刊）},
  volume={000},
  number={010},
  pages={98-100},
  year={2019},
}

@phdthesis{zhangyin0ji,
  title={基于知识图谱的舌像诊疗系统研究与构建},
  author={张莹莹},
  school={电子科技大学},
}

@phdthesis{chuyinzhi,
  title={知识图谱构建中的多数据源实体匹配研究},
  author={邹银凤},
  school={南华大学},
}

@phdthesis{zhangjie0wen,
  title={文献结构化的细粒度检索技术研究},
  author={张杰},
  school={东南大学},
}

@phdthesis{macan0mian,
  title={面向"智慧法院"的知识图谱构建方法与研究},
  author={马灿},
  school={贵州大学},
}

@phdthesis{shencao2019ji,
  title={基于MPSO-kmeans算法的微博推荐系统研究与实现},
  author={沈超},
  school={江苏科技大学},
  year={2019},
}

@article{yufang2019da,
  title={大数据画像——实现高等教育"依数治理"的有效路径},
  author={于方 and 刘延申},
  journal={江苏高教},
  volume={000},
  number={003},
  pages={50-57},
  year={2019},
}

@phdthesis{liyou0ji,
  title={基于数据关联的决策数据浏览模式研究与开发},
  author={李友江},
  school={南京大学},
}

@phdthesis{chncan2018ji,
  title={基于关联数据的数字图书馆Web服务语义关联与发布研究},
  author={陈婵},
  school={华中师范大学},
  year={2018},
}

@phdthesis{zhangzhao2019ji,
  title={基于知识图谱的技术功效图自动构建及其应用研究},
  author={张兆锋},
  school={南京大学},
  year={2019},
}

@phdthesis{qufeng2018ji,
  title={基于知识图谱的健康医疗知识推送系统研究},
  author={屈峰林},
  school={海南大学},
  year={2018},
}

@phdthesis{lvdan0ji,
  title={基于关联图谱的高校图书馆图书个性化推荐方法研究},
  author={吕丹阳},
  school={华中科技大学},
}

@article{chenopin2003ji,
  title={基于Web的适应性学习支持系统研究},
  author={陈品德},
  journal={华南师范大学},
  year={2003},
}




%[1] 孙晔，吴飞扬.人工智能的研究现状及发展趋势[J].价值工程，2013: 68-71

@thesis{sun2013ren,
  AUTHOR = {孙晔 and 吴飞扬},
  TITLE = {人工智能的研究现状及发展趋势},
  institution = {价值工程},
  YEAR = {2013},
  pages = {5-7},
}

% X. F. Liu, B. Z. Wang, W. Shao. A marching-on-in-order scheme for exact attenuation constant extraction of lossy transmission lines[C]. China-Japan Joint Microwave Conference Proceedings, Chengdu, 2006, 527-529

@conference{liuxf2006,
	author = {Liu, X F and Wang, Bing Zhong and Shao,Wei and Wen Wang},
	title = {A marching-on-in-order scheme for exact attenuation constant extraction of lossy transmission lines},
	year = {2006},
	pages = {527-529},
	address = {Chengdu},
	booktitle = {China-Japan Joint Microwave Conference Proceedings}
}

% 王浩刚，聂在平.三维矢量散射积分方程中奇异性分析[J].电子学报，1999, 27(12): 68-71

@article{wang1999sanwei,
  title = {三维矢量散射积分方程中奇异性分析},
  author = {王浩刚 and 聂在平},
  journal = {电子学报},
  volume = {27},
  number = {12},
  pages = {68--71},
  year = {1999}
}


% 竺可桢.物理学[M].北京：科学出版社，1973, 56-60

@book{zhu1973wulixue,
  title = {物理学},
  author = {竺可桢},
  year = {1973},
  address = {北京},
  pages = {56-60},
  publisher = {科学出版社}
}

%[4] 陈念永.毫米波细胞生物效应及抗肿瘤研究[D].成都：电子科技大学，2001, 50-60

@thesis{chen2001hao,
  AUTHOR = {陈念永},
  TITLE = {毫米波细胞生物效应及抗肿瘤研究},
  institution = {电子科技大学},
  YEAR = {2001},
  pages = {50-60},
  address = {成都}
}

%[5] 顾春.牢牢把握稳中求进的总基调[N].人民日报，2012年3月31日

@newspaper{gu2012lao,
  AUTHOR = {顾春},
  TITLE = {牢牢把握稳中求进的总基调},
  JOURNAL = {人民日报},
  date = {2012年3月31日}
}

%[6] 冯西桥.核反应堆压力容器的LBB分析[R].北京：清华大学核能技术设计研究院，1997年6月25日

@techreport{feng997he,
  AUTHOR = {冯西桥},
  TITLE = {核反应堆压力容器的{LBB}分析},
  institution = {清华大学核能技术设计研究院},
  date = {1997年6月25日},
  address = {北京}
}

%[7] 肖珍新.一种新型排渣阀调节降温装置[P].中国，实用新型专利，ZL201120085830.0, 2012年4月25日

@patent{xiao2012yi,
  AUTHOR = {肖珍新},
  TITLE = {一种新型排渣阀调节降温装置},
  date = {2012年4月25日},
  type = {实用新型专利},
  country = {中国},
  id = {ZL201120085830.0}
}

%[8] 中华人民共和国国家技术监督局.GB3100-3102.中华人民共和国国家标准--量与单位[S]. 北京：中国标准出版社，1994年11月1日

@standard{zhong1994zhong,
  institution = {中华人民共和国国家技术监督局},
  id = {GB3100-3102},
  TITLE = {中华人民共和国国家标准--量与单位},
  PUBLISHER = {中国标准出版社},
  date = {1994年11月1日},
  address = {北京}
}

@digital{clerc2010discrete,
  author = {M. Clerc},
  title = {Discrete particle swarm optimization: a fuzzy combinatorial box},
  type = {EB/OL},
  date = {July 16, 2010},
  url = {http://clere.maurice.free.fr/pso/Fuzzy_Discrere_PSO/Fuzzy_DPSO.htm}
}
